@techreport{iso7185,
  title = {ISO 7185:1990 — Programming Languages — Pascal},
  author = {{International Organization for Standardization}},
  year = {1990},
  institution = {ISO},
  address = {Geneva},
  note = {Available at \url{https://www.cs.bilkent.edu.tr/~guvenir/courses/CS315/iso7185pascal.pdf}. Accessed on June 22, 2025.}
}

@misc{flex,
  author = {Westes, Vern Paxson and The Flex Project},
  title = {Flex - Fast Lexical Analyzer},
  year = {2025},
  howpublished = {\url{https://github.com/westes/flex/blob/master/README.md}},
  note = {Accessed on June 22, 2025}
}

@misc{bison,
  author = {Free Software Foundation},
  title = {GNU Bison - The Yacc-compatible Parser Generator},
  year = {2025},
  howpublished = {\url{https://www.gnu.org/software/bison/}},
  note = {Accessed on June 22, 2025}
}

@misc{bnf,
  author = {Murilo Alves},
  title = {BNF Grammar for Pascal Subset — caes101-languages-and-compilers},
  year = {2025},
  howpublished = {\url{https://github.com/omurilo/caes101-languages-and-compilers/blob/main/final_work/grammar/BNF}},
  note = {Accessed on June 22, 2025}
}
